<?xml version="1.0" encoding="UTF-8"?><collection xmlns="http://www.loc.gov/MARC21/slim"><record><leader>00496nam--2200181-i-4500</leader><controlfield tag="001">000015019</controlfield><controlfield tag="002">20161230</controlfield><controlfield tag="005">20161230201031</controlfield><controlfield tag="008">060222s1000------------r-----000-0-eng-d</controlfield><datafield ind1=" " ind2=" " tag="040"><subfield code="a">IFIN-HH</subfield></datafield><datafield ind1=" " ind2=" " tag="080"><subfield code="a">512.542(061.3)</subfield></datafield><datafield ind1="1" ind2=" " tag="100"><subfield code="a">Brauer, Richard</subfield></datafield><datafield ind1="1" ind2="0" tag="245"><subfield code="a">Theory of finite groups. a symposium</subfield><subfield code="c">Richard brauer, chin-han sah</subfield></datafield><datafield ind1=" " ind2=" " tag="260"><subfield code="a">New York</subfield><subfield code="b">W.A.Benjamin, Inc</subfield><subfield code="c">1969</subfield></datafield><datafield ind1=" " ind2=" " tag="300"><subfield code="a">XIII + 263P</subfield></datafield><datafield ind1="1" ind2=" " tag="700"><subfield code="a">Sah, Chin-han</subfield></datafield><datafield ind1=" " ind2=" " tag="852"><subfield code="a">76114</subfield><subfield code="c">519.4/5</subfield></datafield><datafield ind1=" " ind2=" " tag="CAT"><subfield code="a">Sys</subfield><subfield code="c">20130816</subfield><subfield code="h">151254</subfield></datafield></record></collection>